@online{ardupilotdevteamGettingStartedMAVProxy,
  title = {Getting {{Started}} — {{MAVProxy}} Documentation},
  author = {{ArduPilot Dev Team}},
  url = {https://ardupilot.org/mavproxy/docs/getting_started/index.html},
  urldate = {2023-01-15},
  file = {C\:\\Users\\ReinMarkus\\Zotero\\storage\\VJQ5HYAU\\index.html}
}

@online{ciobanuObstacleAvoidanceDJI2021,
  title = {Obstacle {{Avoidance}} in {{DJI Drones}}},
  author = {Ciobanu, Author Elizabeth},
  date = {2021-12-01},
  url = {https://www.droneblog.com/dji-drone-obstacle-avoidance/},
  urldate = {2023-01-15},
  abstract = {Many risks come with flying drones, and obstacles are one of those major sources of risk. This is because drones are naturally fragile and lightweight, thus making them prone to damage caused by impacts. This might lead to repairs that were unbudgeted for. Some of the obstacles can take you by surprise, and therefore avoiding …},
  langid = {american},
  organization = {{Droneblog}},
  file = {C\:\\Users\\ReinMarkus\\Zotero\\storage\\GHRM5I47\\dji-drone-obstacle-avoidance.html}
}

@online{cloudfactoryBreakingLevelsDrone,
  title = {Breaking {{Down The Levels}} of {{Drone Autonomy}}},
  author = {CloudFactory},
  url = {https://blog.cloudfactory.com/levels-of-drone-autonomy},
  urldate = {2023-01-15},
  abstract = {The demand for drone autonomy is rapidly increasing. See how CloudFactory defines the levels of drone autonomy.},
  langid = {american},
  file = {C\:\\Users\\ReinMarkus\\Zotero\\storage\\8FAUUMCQ\\levels-of-drone-autonomy.html}
}

@software{dronecodestiftungObstacleDetectionAvoidance2023,
  title = {Obstacle {{Detection}} and {{Avoidance}}},
  author = {{Dronecode Stiftung}},
  date = {2023-01-15T20:39:11Z},
  origdate = {2016-04-25T14:30:01Z},
  url = {https://github.com/PX4/PX4-Avoidance},
  urldate = {2023-01-16},
  abstract = {PX4 avoidance ROS node for obstacle detection and avoidance.},
  organization = {{PX4 Autopilot for Drones}}
}

@online{dronecodestiftungPX4UserGuide,
  title = {{{PX4 User Guide}}},
  author = {{Dronecode Stiftung}},
  url = {https://docs.px4.io/main/en/},
  urldate = {2023-01-15},
  file = {C\:\\Users\\ReinMarkus\\Zotero\\storage\\HECULC4E\\simulation.html}
}

@online{dronecodestiftungRosOfficialImage,
  title = {Ros - {{Official Image}} | {{Docker Hub}}},
  author = {{Dronecode Stiftung}},
  url = {https://hub.docker.com/_/ros/},
  urldate = {2023-01-16},
  file = {C\:\\Users\\ReinMarkus\\Zotero\\storage\\FL45YJES\\ros.html}
}

@online{elecfreaksUltrasonicRangingModule2023,
  title = {Ultrasonic {{Ranging Module HC}} - {{SR04}}},
  author = {{elecfreaks}},
  date = {2023-01-01},
  url = {https://cdn.sparkfun.com/datasheets/Sensors/Proximity/HCSR04.pdf},
  urldate = {2023-01-01}
}

@online{fishRunningROSGUI,
  title = {Running {{ROS}} with {{GUI}} in {{Docker}} Using {{Windows Subsystem}} for {{Linux}} 2 ({{WSL2}}) – {{Marine Robotics Group}}},
  author = {Fish, Sean},
  url = {https://marinerobotics.gtorg.gatech.edu/running-ros-with-gui-in-docker-using-windows-subsystem-for-linux-2-wsl2/},
  urldate = {2023-01-17},
  langid = {english},
  file = {C\:\\Users\\ReinMarkus\\Zotero\\storage\\XBXEBELT\\running-ros-with-gui-in-docker-using-windows-subsystem-for-linux-2-wsl2.html}
}

@misc{grudenSensorikUndMesswertverarbeitung2022,
  title = {Sensorik Und {{Messwertverarbeitung}}},
  author = {Gruden, Prof. Dr.-Ing.\vphantom\{\}, \{Roman\vphantom\}},
  date = {2022},
  file = {C\:\\Users\\ReinMarkus\\Zotero\\storage\\NA2DR2FC\\Prof. Dr.-Ing. Roman Gruden - 2022 - Sensorik und Messwertverarbeitung.pdf}
}

@misc{haraldwirthNachfolgerInfoStudienarbeitAutonome2022,
  title = {Nachfolger-{{Info}}\_{{Studienarbeit}}\_autonome\_{{Drohnen}}},
  author = {{Harald Wirth} and {Dominik Helfenstein}},
  date = {2022-07-14}
}

@online{juergenoehlerStatistikDrohnenVerkaeufeNach,
  title = {Statistik - Drohnen-Verkäufe nach Drohnen-Modell pro Jahr},
  author = {{Jürgen Oehler}},
  url = {https://www.drohnen.de/38904/drohnen-statistik/},
  urldate = {2023-01-15},
  abstract = {Übersicht: Drohnen-Statistiken der letzten Jahre Drohnenverkäufe Drohnenverkäufe 2021 Drohnenverkäufe 2020 Drohnenverkäufe 2019 Drohnenverkäufe im Jahr 2021 Anteilige Statistik nach Drohnenmodellen - die Statistik basiert auf den Daten und der Verteilung der Käufe von Drohnen-Plaketten und D...},
  langid = {ngerman},
  file = {C\:\\Users\\ReinMarkus\\Zotero\\storage\\RUZ2LNMH\\drohnen-statistik.html}
}

@software{microsoftcorporationWelcomeAirSim2023,
  title = {Welcome to {{AirSim}}},
  author = {{Microsoft Corporation}},
  date = {2023-01-14T20:50:42Z},
  origdate = {2017-02-14T00:52:29Z},
  url = {https://github.com/microsoft/AirSim},
  urldate = {2023-01-15},
  abstract = {Open source simulator for autonomous vehicles built on Unreal Engine / Unity, from Microsoft AI \& Research},
  organization = {{Microsoft}},
  keywords = {ai,airsim,artificial-intelligence,autonomous-quadcoptor,autonomous-vehicles,computer-vision,control-systems,cross-platform,deep-reinforcement-learning,deeplearning,drones,pixhawk,platform-independent,research,self-driving-car,simulator,unreal-engine}
}

@online{openuavadminDatenverbindungUndFlugmodi,
  title = {Datenverbindung und Flugmodi – LBA – OpenUAV},
  author = {{OpenUAVAdmin}},
  url = {https://lba-openuav.de/onlinekurs/lehrmaterial/allgemeine-uas-kunde/kontrolle-und-flugmodi/},
  urldate = {2023-01-15},
  langid = {ngerman},
  file = {C\:\\Users\\ReinMarkus\\Zotero\\storage\\UVYLMAN2\\kontrolle-und-flugmodi.html}
}

@software{paneratiLearningFlyGym2021,
  title = {Learning to {{Fly}}—a {{Gym Environment}} with {{PyBullet Physics}} for {{Reinforcement Learning}} of {{Multi-agent Quadcopter Control}}},
  author = {Panerati, Jacopo and Zheng, Hehui and Zhou, SiQi and Xu, James and Prorok, Amanda and Schoellig, Angela P.},
  date = {2021-01},
  origdate = {2020-08-10T07:38:09Z},
  journaltitle = {2021 IEEE/RSJ International Conference on Intelligent Robots and Systems (IROS)},
  volume = {1},
  number = {1},
  pages = {1--8},
  doi = {10.0000/00000},
  url = {https://github.com/utiasDSL/gym-pybullet-drones},
  urldate = {2023-01-15},
  abstract = {PyBullet Gym environments for single and multi-agent reinforcement learning of quadcopter control}
}

@online{superrenegadeFilteringSensorData2018,
  title = {Filtering {{Sensor Data}} • {{Renegade Robotics}}},
  author = {SuperRenegade},
  date = {2018-05-16T20:53:18+00:00},
  url = {https://renegaderobotics.org/filtering-sensor-data/},
  urldate = {2023-01-16},
  abstract = {My team recently encountered an unfortunate aspect of sensor data: "noise". In order to make use of sensors for precision movements, such as driving straight, one needs a way to identify and filter out the junk. Here's a step-by-step description of our median filtering process.},
  langid = {american},
  organization = {{Renegade Robotics}},
  file = {C\:\\Users\\ReinMarkus\\Zotero\\storage\\YZYN7YBI\\filtering-sensor-data.html}
}

@thesis{tanjabaumannObstacleAvoidanceDrones2018,
  title = {Obstacle {{Avoidance}} for {{Drones Using}} a {{3DVFH}}* {{Algorithm}}},
  author = {{Tanja Baumann}},
  year = {Frühjar 2018},
  institution = {{Eidgenössische Technische Hochschule Zürich}}
}

@thesis{vilhjalmurvilhjalmssonRiskbasedPathfindingDrones2016,
  title = {Risk-Based {{Pathfinding}} for {{Drones}}},
  author = {{Vilhjalmur Vilhjalmsson}},
  date = {2016-01-05},
  institution = {{Eidgenössische Technische Hochschule Zürich}}
}

@thesis{wirthErweiterungBestehendenDrohne2022,
  title = {Erweiterung Einer Bestehenden {{Drohne}} Um Eine {{Autonomflugfähigkeit}}},
  author = {Wirth, Harald and Helfenstein, Dominik},
  date = {2022-01-23},
  institution = {{DHBW Stuttgart}}
}

@thesis{wirthErweiterungBestehendenDrohne2022a,
  title = {Erweiterung Einer Bestehenden {{Drohne}} Um Eine {{Autonomflugfähigkeit}} (2/2)},
  author = {Wirth, Harald and Helfenstein, Dominik},
  date = {2022-06-10},
  institution = {{DHBW Stuttgart}}
}
