@software{dronecodestiftungObstacleDetectionAvoidance2023,
  title = {Obstacle {{Detection}} and {{Avoidance}}},
  author = {{Dronecode Stiftung}},
  date = {2023-01-15T20:39:11Z},
  origdate = {2016-04-25T14:30:01Z},
  url = {https://github.com/PX4/PX4-Avoidance},
  urldate = {2023-01-16},
  abstract = {PX4 avoidance ROS node for obstacle detection and avoidance.},
  organization = {{PX4 Autopilot for Drones}}
}

@thesis{markusreinErweiterungBestehenderDrohnen2023,
  title = {Erweiterung Bestehender {{Drohnen}} Um Eine {{Autonomflugfähigkeit}}},
  author = {{Markus Rein}},
  date = {2023-01-22},
  institution = {{DHBW Stuttgart}}
}

@online{openroboticsDocumentationROSWiki,
  title = {Documentation - {{ROS Wiki}}},
  author = {{OpenRobotics}},
  url = {https://wiki.ros.org/},
  urldate = {2023-03-10},
  file = {C\:\\Users\\ReinMarkus\\Zotero\\storage\\DXDGYJ27\\wiki.ros.org.html}
}

@thesis{wirthErweiterungBestehendenDrohne2022,
  title = {Erweiterung Einer Bestehenden {{Drohne}} Um Eine {{Autonomflugfähigkeit}}},
  author = {Wirth, Harald and Helfenstein, Dominik},
  date = {2022-01-23},
  institution = {{DHBW Stuttgart}}
}

@thesis{wirthErweiterungBestehendenDrohne2022a,
  title = {Erweiterung Einer Bestehenden {{Drohne}} Um Eine {{Autonomflugfähigkeit}} (2/2)},
  author = {Wirth, Harald and Helfenstein, Dominik},
  date = {2022-06-10},
  institution = {{DHBW Stuttgart}}
}
